
@inproceedings{he2009electronic,
  title={Electronic Sortition},
  author={He, Biao and Wei, Yu},
  booktitle={The 2009 International Symposium on Intelligent Information Systems and Applications (IISA 2009)},
  pages={203},
  year={2009}
}

@inproceedings{grumbach2017distributed,
  title={Distributed Random Process for a Large-Scale Peer-to-Peer Lottery},
  author={Grumbach, St{\'e}phane and Riemann, Robert},
  booktitle={IFIP International Conference on Distributed Applications and Interoperable Systems},
  pages={34--48},
  year={2017},
  organization={Springer}
}
@article{lenstra2015random,
  title={A random zoo: sloth, unicorn, and trx},
  author={Lenstra, Arjen K and Wesolowski, Benjamin},
  journal={IACR Cryptology ePrint Archive},
  volume={- -},
  pages={366},
  year={2015}
}


